@article{Russakovsky2015ImageNetLS,
  title={ImageNet Large Scale Visual Recognition Challenge},
  author={Olga Russakovsky and Jia Deng and Hao Su and Jonathan Krause and Sanjeev Satheesh and Sean Ma and Zhiheng Huang and Andrej Karpathy and Aditya Khosla and Michael S. Bernstein and Alexander C. Berg and Li Fei-Fei},
  journal={International Journal of Computer Vision},
  year={2015},
  volume={115},
  number={3},
  pages={211--252}
}

@inproceedings{Philbin2007ObjectRW,
  title={Object retrieval with large vocabularies and fast spatial matching},
  author={James Philbin and Ond{\v r}ej Chum and Michael Isard and Josef Sivic and Andrew Zisserman},
  booktitle={2007 IEEE Conference on Computer Vision and Pattern Recognition},
  year={2007},
  pages={1--8}
}

@inproceedings{Philbin2008LostIQ,
  title={Lost in quantization: Improving particular object retrieval in large scale image databases},
  author={James Philbin and Ond{\v r}ej Chum and Michael Isard and Josef Sivic and Andrew Zisserman},
  booktitle={2008 IEEE Conference on Computer Vision and Pattern Recognition},
  year={2008},
  pages={1--8}
}

@inproceedings{Jgou2008HammingEA,
 author = {Herv{\'e} J{\'e}gou and Matthijs Douze and Cordelia Schmid},
 title = {Hamming Embedding and Weak Geometric Consistency for Large Scale Image Search},
 booktitle = {Proceedings of the 10th European Conference on Computer Vision: Part I},
 year = {2008},
 pages = {304--317}
}

@conference{Nistr2006ScalableRW,
  title={Scalable Recognition with a Vocabulary Tree},
  author={David Nist{\'e}r and Henrik Stew{\'e}nius},
  booktitle={2006 IEEE Computer Society Conference on Computer Vision and Pattern Recognition (CVPR'06)},
  year={2006},
  pages={2161-2168}
}

@online{Drange2016,
  author={Matt Drange},
  title={Why Is This Canadian Hacker Better Than Facebook At Detecting Gun Photos?},
  url={https://www.forbes.com/sites/mattdrange/2016/03/31/facebook-guns-beet_farmer-image-recognition/#5fae664024f2},
  year={2016},
  date={2016-03-31},
  urldate={2018-03-10}
}

@inproceedings{Song2016DeepML,
  title={Deep Metric Learning via Lifted Structured Feature Embedding},
  author={Hyun Oh Song and Yu Xiang and Stefanie Jegelka and Silvio Savarese},
  booktitle={2016 IEEE Conference on Computer Vision and Pattern Recognition (CVPR)},
  year={2016},
  pages={4004--4012}
}

@conference{Wang2017DeepML,
  title={Deep Metric Learning with Angular Loss},
  author={Jian Wang and Feng Zhou and Shilei Wen and Xiao Liu and Yuanqing Lin},
  booktitle={2017 IEEE International Conference on Computer Vision (ICCV)},
  year={2017},
  pages={2612--2620}
}

@conference{Li2014DeepReIDDF,
  title={Deep{ReID}: Deep Filter Pairing Neural Network for Person Re-identification},
  author={Wei Li and Rui Zhao and Tong Xiao and Xiaogang Wang},
  booktitle={2014 IEEE Conference on Computer Vision and Pattern Recognition},
  year={2014},
  pages={152--159}
}

@conference{Zhao2013UnsupervisedSL,
  title={Unsupervised Salience Learning for Person Re-identification},
  author={Rui Zhao and Wanli Ouyang and Xiaogang Wang},
  booktitle={2013 IEEE Conference on Computer Vision and Pattern Recognition},
  year={2013},
  pages={3586--3593}
}

@inproceedings{Wen2016ADF,
  title={A Discriminative Feature Learning Approach for Deep Face Recognition},
  author={Yandong Wen and Kaipeng Zhang and Zhifeng Li and Yu Qiao},
  booktitle={Computer Vision -- ECCV 2016},
  year={2016},
  pages={499--515}
}

@conference{Taigman2014DeepFaceCT,
  title={DeepFace: Closing the Gap to Human-Level Performance in Face Verification},
  author={Yaniv Taigman and Ming Yang and Marc'Aurelio Ranzato and Lior Wolf},
  booktitle={2014 IEEE Conference on Computer Vision and Pattern Recognition},
  year={2014},
  pages={1701--1708}
}

@online{Hsu2018Bumble,
  author={TIFFANY HSU},
  title={Bumble Dating App Bans Gun Images After Mass Shootings},
  url={https://www.nytimes.com/2018/03/05/business/bumble-dating-app-gun-images.html},
  year={2018},
  date={2018-03-05},
  urldate={2018-03-12}
}

@inproceedings{Krizhevsky2012ImageNetCW,
  title={ImageNet Classification with Deep Convolutional Neural Networks},
  author={Alex Krizhevsky and Ilya Sutskever and Geoffrey E. Hinton},
  booktitle={Proceedings of the 25th International Conference on Neural Information Processing Systems - Volume 1},
  pages = {1097--1105},
  year={2012}
}

@conference{Girshick2014RichFH,
  title={Rich Feature Hierarchies for Accurate Object Detection and Semantic Segmentation},
  author={Ross B. Girshick and Jeff Donahue and Trevor Darrell and Jitendra Malik},
  booktitle={2014 IEEE Conference on Computer Vision and Pattern Recognition},
  year={2014},
  pages={580--587}
}

@article{He2014SpatialPP,
  title={Spatial Pyramid Pooling in Deep Convolutional Networks for Visual Recognition},
  author={Kaiming He and Xiangyu Zhang and Shaoqing Ren and Jian Sun},
  journal={IEEE Transactions on Pattern Analysis and Machine Intelligence},
  year={2015},
  volume={37},
  number={9},
  pages={1904--1916}
}

@conference{Girshick2015FastR,
  title={Fast {R-CNN}},
  author={Ross B. Girshick},
  booktitle={2015 IEEE International Conference on Computer Vision (ICCV)},
  year={2015},
  pages={1440--1448}
}

@article{Ren2017FasterRT,
  title={Faster R-CNN: Towards Real-Time Object Detection with Region Proposal Networks},
  author={Shaoqing Ren and Kaiming He and Ross B. Girshick and Jian Sun},
  journal={IEEE Transactions on Pattern Analysis and Machine Intelligence},
  year={2017},
  volume={39},
  number={6},
  pages={1137--1149}
}

@inproceedings{Liu2016SSDSS,
  title={SSD: Single Shot MultiBox Detector},
  author={Wei Liu and Dragomir Anguelov and Dumitru Erhan and Christian Szegedy and Scott E. Reed and Cheng-Yang Fu and Alexander C. Berg},
  booktitle={Computer Vision -- ECCV 2016},
  year={2016},
  pages={21--37},
}

@conference{Redmon2016YouOL,
  title={You Only Look Once: Unified, Real-Time Object Detection},
  author={Joseph Redmon and Santosh Kumar Divvala and Ross B. Girshick and Ali Farhadi},
  booktitle={2016 IEEE Conference on Computer Vision and Pattern Recognition (CVPR)},
  year={2016},
  pages={779--788}
}

@inproceedings{Lin2017FocalLF,
  title={Focal Loss for Dense Object Detection},
  author={Tsung-Yi Lin and Priya Goyal and Ross B. Girshick and Kaiming He and Piotr Doll{\'a}r},
  booktitle={2017 IEEE International Conference on Computer Vision (ICCV)},
  year={2017},
  pages={2999--3007}
}

@article{Shelhamer2017FullyCN,
  title={Fully Convolutional Networks for Semantic Segmentation},
  author={Evan Shelhamer and Jonathan Long and Trevor Darrell},
  journal={IEEE Transactions on Pattern Analysis and Machine Intelligence},
  volume={39},
  number={4},
  year={2017},
  pages={640--651}
}

@article{Chen2018DeepLabSI,
  title={DeepLab: Semantic Image Segmentation with Deep Convolutional Nets, Atrous Convolution, and Fully Connected CRFs},
  author={Liang-Chieh Chen and George Papandreou and Iasonas Kokkinos and Kevin Murphy and Alan L. Yuille},
  journal={IEEE transactions on pattern analysis and machine intelligence},
  year={2018},
  volume={40},
  number={4},
  pages={834-848}
}

@conference{Noh2015LearningDN,
  title={Learning Deconvolution Network for Semantic Segmentation},
  author={Hyeonwoo Noh and Seunghoon Hong and Bohyung Han},
  booktitle={2015 IEEE International Conference on Computer Vision (ICCV)},
  year={2015},
  pages={1520--1528}
}

@inproceedings{Radenovic2016CNNIR,
  title={CNN Image Retrieval Learns from BoW: Unsupervised Fine-Tuning with Hard Examples},
  author={Filip Radenovic and Giorgos Tolias and Ond{\v r}ej Chum},
  booktitle={Computer Vision -- ECCV 2016},
  pages={3--20},
  year={2016}
}

@inproceedings{Chopra2005LearningAS,
  title={Learning a similarity metric discriminatively, with application to face verification},
  author={Sumit Chopra and Raia Hadsell and Yann LeCun},
  booktitle={2005 IEEE Computer Society Conference on Computer Vision and Pattern Recognition (CVPR'05)},
  pages={539--546},
  year={2005}
}

@inproceedings{Hadsell2006DimensionalityRB,
  title={Dimensionality Reduction by Learning an Invariant Mapping},
  author={Raia Hadsell and Sumit Chopra and Yann LeCun},
  booktitle={2006 IEEE Computer Society Conference on Computer Vision and Pattern Recognition (CVPR'06)},
  year={2006},
  volume={2},
  pages={1735--1742}
}


@inproceedings{Gordo2016DeepIR,
  title={Deep Image Retrieval: Learning Global Representations for Image Search},
  author={Albert Gordo and Jon Almaz{\'a}n and J{\'e}r{\^o}me Revaud and Diane Larlus},
  booktitle={Computer Vision -- ECCV 2016},
  pages={241--257},
  year={2016}
}

@conference{Schroff2015FaceNetAU,
  title={FaceNet: A unified embedding for face recognition and clustering},
  author={Florian Schroff and Dmitry Kalenichenko and James Philbin},
  booktitle={2015 IEEE Conference on Computer Vision and Pattern Recognition (CVPR)},
  year={2015},
  pages={815--823}
}

@conference{Wang2014LearningFI,
  title={Learning Fine-Grained Image Similarity with Deep Ranking},
  author={Jiang Wang and Yang Song and Thomas Leung and Chuck Rosenberg and Jingbin Wang and James Philbin and Bo Chen and Ying Wu},
  booktitle={2014 IEEE Conference on Computer Vision and Pattern Recognition},
  year={2014},
  pages={1386--1393}
}

@conference{Han2015MatchNetUF,
  title={MatchNet: Unifying feature and metric learning for patch-based matching},
  author={Xufeng Han and Thomas Leung and Yangqing Jia and Rahul Sukthankar and Alexander C. Berg},
  booktitle={2015 IEEE Conference on Computer Vision and Pattern Recognition (CVPR)},
  year={2015},
  pages={3279--3286}
}

@conference{G2016LearningLI,
  title={Learning Local Image Descriptors with Deep Siamese and Triplet Convolutional Networks by Minimizing Global Loss Functions},
  author={Vijay Kumar B. G and Gustavo Carneiro and Ian D. Reid},
  booktitle={2016 IEEE Conference on Computer Vision and Pattern Recognition (CVPR)},
  year={2016},
  pages={5385--5394}
}

@inproceedings{Weinberger2006DistanceML,
  title={Distance Metric Learning for Large Margin Nearest Neighbor Classification},
  author={Kilian Q. Weinberger and John Blitzer and Lawrence K. Saul},
  booktitle={Advances in Neural Information Processing Systems 18},
  year={2006},
  pages={1473--1480}
}

@article{Bell2015LearningVS,
  title={Learning visual similarity for product design with convolutional neural networks},
  author={Sean Bell and Kavita Bala},
  journal={ACM Transanctions on Graphics (SIGGRAPH)},
  year={2015},
  volume={34},
  number={4},
  pages={98:1-98:10}
}

@article{Simonyan2014VeryDC,
  title={Very Deep Convolutional Networks for Large-Scale Image Recognition},
  author={Karen Simonyan and Andrew Zisserman},
  journal={CoRR},
  year={2014},
  volume={abs/1409.1556}
}
@conference{Szegedy2015GoingDW,
  title={Going deeper with convolutions},
  author={Christian Szegedy and Wei Liu and Yangqing Jia and Pierre Sermanet and Scott E. Reed and Dragomir Anguelov and Dumitru Erhan and Vincent Vanhoucke and Andrew Rabinovich},
  booktitle={2015 IEEE Conference on Computer Vision and Pattern Recognition (CVPR)},
  year={2015},
  pages={1--9}
}

@conference{He2016DeepRL,
  title={Deep Residual Learning for Image Recognition},
  author={Kaiming He and Xiangyu Zhang and Shaoqing Ren and Jian Sun},
  booktitle={2016 IEEE Conference on Computer Vision and Pattern Recognition (CVPR)},
  year={2016},
  pages={770--778}
}

@article{Tolias2015ParticularOR,
  title={Particular object retrieval with integral max-pooling of CNN activations},
  author={Giorgos Tolias and Ronan Sicre and Herv{\'e} J{\'e}gou},
  journal={CoRR},
  year={2015},
  volume={abs/1511.05879}
}

@inproceedings{Babenko2014NeuralCF,
  title={Neural Codes for Image Retrieval},
  author={Artem Babenko and Anton Slesarev and Alexander Chigorin and Victor Lempitsky},
  booktitle={Computer Vision -- ECCV 2014},
  pages={584--599},
  year={2014}
}

@conference{Babenko2015AggregatingLD,
  title={Aggregating Local Deep Features for Image Retrieval},
  author={Artem Babenko and Victor S. Lempitsky},
  booktitle={2015 IEEE International Conference on Computer Vision (ICCV)},
  year={2015},
  pages={1269--1277}
}

@conference{Hao2017MFCAM,
  title={{MFC}: A multi-scale fully convolutional approach for visual instance retrieval},
  author={Jiedong Hao and Wei Wang and Jing Dong and Tieniu Tan},
  booktitle={2017 IEEE International Conference on Multimedia and Expo Workshops (ICMEW)},
  year={2017},
  pages={513--518}
}

@article{Jgou2011ProductQF,
  title={Product Quantization for Nearest Neighbor Search},
  author={Herv{\'e} J{\'e}gou and Matthijs Douze and Cordelia Schmid},
  journal={IEEE Transactions on Pattern Analysis and Machine Intelligence},
  year={2011},
  volume={33},
  number={1},
  pages={117--128}
}

@article{Wen2005PistolIR,
  title={Pistol image retrieval by shape representation},
  author={Che-Yen Wen and Jing-Yue Yao},
  journal={Forensic science international},
  year={2005},
  volume={155},
  numbe={1},
  pages={35-50}
}

@conference{Arandjelovic2016NetVLADCA,
  title={NetVLAD: CNN Architecture for Weakly Supervised Place Recognition},
  author={Relja Arandjelovi{\'c} and Petr Gron{\'a}t and Akihiko Torii and Tom{\'a}s Pajdla and Josef Sivic},
  booktitle={2016 IEEE Conference on Computer Vision and Pattern Recognition (CVPR)},
  year={2016},
  pages={5297--5307}
}

@inproceedings{Cao2016QuartetnetLF,
  title={Quartet-net Learning for Visual Instance Retrieval},
  author={Jiewei Cao and Zi Huang and Peng Wang and Chao Li and Xiaoshuai Sun and Heng Tao Shen},
  booktitle={Proceedings of the 2016 ACM on Multimedia Conference},
  year={2016},
  pages={456--460}
}

@inproceedings{Sivic2003VideoGA,
  title={Video Google: A Text Retrieval Approach to Object Matching in Videos},
  author={Josef Sivic and Andrew Zisserman},
  booktitle={Proceedings Ninth IEEE International Conference on Computer Vision},
  pages={1470-1477 vol.2},
  year={2003}
}

@article{Seddati2017TowardsGP,
  title={Towards Good Practices for Image Retrieval Based on CNN Features},
  author={Omar Seddati and St{\'e}phane Dupont and Sa{\"i}d Mahmoudi and Mahnaz Parian},
  journal={2017 IEEE International Conference on Computer Vision Workshops (ICCVW)},
  year={2017},
  pages={1246-1255}
}

@conference{Razavian2014CNNFO,
  title={CNN Features Off-the-Shelf: An Astounding Baseline for Recognition},
  author={Ali Sharif Razavian and Hossein Azizpour and Josephine Sullivan and Stefan Carlsson},
  booktitle={2014 IEEE Conference on Computer Vision and Pattern Recognition Workshops},
  year={2014},
  pages={512--519}
}

@article{Lowe2004DistinctiveIF,
  title={Distinctive Image Features from Scale-Invariant Keypoints},
  author={David G. Lowe},
  journal={International Journal of Computer Vision},
  year={2004},
  volume={60},
  pages={91--110}
}

@inproceedings{Lowe1999ObjectRF,
  title={Object Recognition from Local Scale-Invariant Features},
  author={David G. Lowe},
  booktitle={Proceedings of the Seventh IEEE International Conference on Computer Vision, Volume 2},
  year={1999},
  pages={1150--1157}
}

@conference{Chum2007TotalRA,
  title={Total Recall: Automatic Query Expansion with a Generative Feature Model for Object Retrieval},
  author={Ond{\v r}ej Chum and James Philbin and Josef Sivic and Michael Isard and Andrew Zisserman},
  booktitle={2007 IEEE 11th International Conference on Computer Vision},
  year={2007},
  pages={1--8}
}

@conference{Jgou2010AggregatingLD,
  title={Aggregating local descriptors into a compact image representation},
  author={Herv{\'e} J{\'e}gou and Matthijs Douze and Cordelia Schmid and Patrick P{\'e}rez},
  booktitle={2010 IEEE Computer Society Conference on Computer Vision and Pattern Recognition},
  year={2010},
  pages={3304--3311}
}

@inproceedings{Gong2014MultiscaleOP,
  title={Multi-scale Orderless Pooling of Deep Convolutional Activation Features},
  author={Yunchao Gong and Liwei Wang and Ruiqi Guo and Svetlana Lazebnik},
  booktitle={Computer Vision -- ECCV 2014},
  year={2014},
  pages={392--407}
}

@conference{Lazebnik2006BeyondBO,
  title={Beyond Bags of Features: Spatial Pyramid Matching for Recognizing Natural Scene Categories},
  author={Svetlana Lazebnik and Cordelia Schmid and Jean Ponce},
  booktitle={2006 IEEE Computer Society Conference on Computer Vision and Pattern Recognition (CVPR'06)},
  year={2006},
  pages={2169--2178}
}

@inproceedings{Jia2014CaffeCA,
  title={Caffe: Convolutional Architecture for Fast Feature Embedding},
  author={Yangqing Jia and Evan Shelhamer and Jeff Donahue and Sergey Karayev and Jonathan Long and Ross B. Girshick and Sergio Guadarrama and Trevor Darrell},
  booktitle={Proceedings of the 22Nd ACM International Conference on Multimedia},
  year={2014},
  pages = {675--678}
}

@article{Swain1991ColorI,
  title={Color indexing},
  author={Michael J. Swain and Dana H. Ballard},
  journal={International Journal of Computer Vision},
  year={1991},
  volume={7},
  number={1},
  pages={11--32}
}

@article{Funt1995ColorCC,
  title={Color Constant Color Indexing},
  author={Brian V. Funt and Graham D. Finlayson},
  journal={IEEE Transantions on Pattern Analysis and Machine Intelligence},
  year={1995},
  volume={17},
  number={5},
  pages={522--529}
}

@article{Forsyth1990ANA,
  title={A novel algorithm for color constancy},
  author={David A. Forsyth},
  journal={International Journal of Computer Vision},
  year={1990},
  volume={5},
  number={1},
  pages={5--35}
}

@article{Deng2001AnEC,
  title={An efficient color representation for image retrieval},
  author={Yining Deng and B. S. Manjunath and Charles S. Kenney and Michael S. Moore and Hyundoo Shin},
  journal={IEEE Transactions on Image Processing},
  year={2001},
  volume={10},
  number={1},
  pages={140--147}
}

@article{Manjunath1996TextureFF,
  title={Texture Features for Browsing and Retrieval of Image Data},
  author={B. S. Manjunath and Wei-Ying Ma},
  journal={IEEE Transantions on Pattern Analysis and Machine Intelligence},
  year={1996},
  volume={18},
  number={8},
  pages={837--842}
}

@inproceedings{Niblack1993TheQP,
  title={The {QBIC} Project: Querying Images by Content, Using Color, Texture, and Shape},
  author={Wayne Niblack and Ron Barber and William Equitz and Myron Flickner and Eduardo H. Glasman and Dragutin Petkovic and Peter Yanker and Christos Faloutsos and Gabriel Taubin},
  booktitle={Storage and Retrieval for Image and Video Databases},
  year={1993},
  pages={173--187}
}

@article{Jain1996ImageRU,
  title={Image retrieval using color and shape},
  author={Anil K. Jain and Aditya Vailaya},
  journal={Pattern Recognition},
  year={1996},
  volume={29},
  number={8},
  pages={1233--1244}
}

@book{manning2008introduction,
  title={Introduction to information retrieval},
  author={Christopher D. Manning and Prabhakar Raghavan and Hinrich Sch{\"u}tze},
  year={2008},
  publisher={Cambridge university press Cambridge}
}

@article{Salton1975AVS,
  title={A Vector Space Model for Automatic Indexing},
  author={Gerard Salton and A. Wong and Chung-Shu Yang},
  journal={Communications of the ACM},
  year={1975},
  volume={18},
  number={11},
  pages={613--620}
}

@article{Mikolajczyk2004ScaleA,
  title={Scale \& Affine Invariant Interest Point Detectors},
  author={Krystian Mikolajczyk and Cordelia Schmid},
  journal={International Journal of Computer Vision},
  year={2004},
  volume={60},
  number={1},
  pages={63--86}
}

@inproceedings{Yang2007EvaluatingBR,
  title={Evaluating bag-of-visual-words representations in scene classification},
  author={Jun Yang and Yu-Gang Jiang and Alexander G. Hauptmann and Chong-Wah Ngo},
  booktitle={Proceedings of the International Workshop on Multimedia Information Retrieval},
  year={2007},
  pages={197--206}
}

@article{OHara2011IntroductionTT,
  title={Introduction to the Bag of Features Paradigm for Image Classification and Retrieval},
  author={Stephen O'Hara and Bruce A. Draper},
  journal={CoRR},
  year={2011},
  volume={abs/1101.3354}
}

@inproceedings{Nowak2006SamplingSF,
  title={Sampling Strategies for Bag-of-Features Image Classification},
  author={Eric Nowak and Fr{\'e}d{\'e}ric Jurie and Bill Triggs},
  booktitle={Computer Vision -- ECCV 2006},
  year={2006},
  pages={490--503}
}
@article{Smeulders2000ContentBasedIR,
  title={Content-Based Image Retrieval at the End of the Early Years},
  author={Arnold W. M. Smeulders and Marcel Worring and Simone Santini},
  journal={IEEE Transanctions on Pattern Analysis and Machine Intelligence},
  volume={22},
  number={12},
  pages={1349--1380},
  year={2000}
}

@inproceedings{Mikulk2010LearningAF,
  title={Learning a Fine Vocabulary},
  author={Andrej Mikul{\'i}k and Michal Perdoch and Ond{\v r}ej Chum and Ji{\v r}{\'i} Matas},
  booktitle={Computer Vision -- ECCV 2010},
  pages={1--14},
  year={2010}
}

@conference{Arandjelovic2012ThreeTE,
  title={Three things everyone should know to improve object retrieval},
  author={Relja Arandjelovi{\'c} and Andrew Zisserman},
  booktitle={2012 IEEE Conference on Computer Vision and Pattern Recognition},
  year={2012},
  pages={2911--2918}
}

@conference{Perronnin2007FisherKO,
  title={Fisher Kernels on Visual Vocabularies for Image Categorization},
  author={Florent Perronnin and Christopher R. Dance},
  booktitle={2007 IEEE Conference on Computer Vision and Pattern Recognition},
  year={2007},
  pages={1--8}
}

@conference{Perronnin2010LargescaleIR,
  title={Large-scale image retrieval with compressed Fisher vectors},
  author={Florent Perronnin and Yan Liu and Jorge S{\'a}nchez and Herv{\'e} Poirier},
  booktitle={2010 IEEE Computer Society Conference on Computer Vision and Pattern Recognition},
  year={2010},
  pages={3384--3391}
}

@conference{Jgou2009PackingB,
  title={Packing bag-of-features},
  author={Herv{\'e} J{\'e}gou and Matthijs Douze and Cordelia Schmid},
  booktitle={2009 IEEE 12th International Conference on Computer Vision},
  year={2009},
  pages={2357--2364}
}

@conference{Douze2011CombiningAA,
  title={Combining attributes and Fisher vectors for efficient image retrieval},
  author={Matthijs Douze and Arnau Ramisa and Cordelia Schmid},
  booktitle={2011 IEEE Computer Society Conference on Computer Vision and Pattern Recognition},
  year={2011},
  pages={745--752}
}

@inproceedings{Delhumeau2013RevisitingTV,
  title={Revisiting the VLAD image representation},
  author={Jonathan Delhumeau and Philippe Henri Gosselin and Herv{\'e} J{\'e}gou and Patrick P{\'e}rez},
  booktitle={Proceedings of the 21st ACM International Conference on Multimedia},
  pages={653--656},
  year={2013}
}

@conference{Arandjelovic2013AllAV,
  title={All About VLAD},
  author={Relja Arandjelovi{\'c} and Andrew Zisserman},
  booktitle={2013 IEEE Conference on Computer Vision and Pattern Recognition},
  year={2013},
  pages={1578--1585}
}

@conference{Jgou2009OnTB,
  title={On the burstiness of visual elements},
  author={Herv{\'e} J{\'e}gou and Matthijs Douze and Cordelia Schmid},
  booktitle={2009 IEEE Conference on Computer Vision and Pattern Recognition},
  year={2009},
  pages={1169--1176}
}

@inproceedings{Lecun1990HandwrittenZC,
author={Y. Le Cun and O. Matan and B. Boser and J. S. Denker and D. Henderson and R. E. Howard and W. Hubbard and L. D. Jacket and H. S. Baird},
booktitle={Proceedings of the 10th International Conference on Pattern Recognition},
title={Handwritten zip code recognition with multilayer networks},
year={1990},
pages={35--40}
}

@article{LeCun1998GradientbasedLA,
  title={Gradient-based Learning Applied to Document Recognition},
  author={Y. Lecun and L. Bottou and Y. Bengio and P. Haffner},
  journal={Proceedings of the IEEE},
  volume={86},
  number={11},
  pages={2278--2324},
  year={1998}
}

@inproceedings{Zeiler2014VisualizingAU,
  title={Visualizing and Understanding Convolutional Networks},
  author={Matthew D. Zeiler and Rob Fergus},
  booktitle={Computer Vision -- ECCV 2014},
  pages={818--833},
  year={2014}
}

@inproceedings{Glorot2011DeepSR,
  title={Deep Sparse Rectifier Neural Networks},
  author={Xavier Glorot and Antoine Bordes and Yoshua Bengio},
  booktitle={Proceedings of the Fourteenth International Conference on Artificial Intelligence and Statistics},
  pages={315--323},
  year={2011}
}

@conference{He2015DelvingDI,
  title={Delving Deep into Rectifiers: Surpassing Human-Level Performance on ImageNet Classification},
  author={Kaiming He and Xiangyu Zhang and Shaoqing Ren and Jian Sun},
  booktitle={2015 IEEE International Conference on Computer Vision (ICCV)},
  year={2015},
  pages={1026--1034}
}

@inproceedings{maas2013rectifier,
  title={Rectifier nonlinearities improve neural network acoustic models},
  author={Maas, Andrew L and Hannun, Awni Y and Ng, Andrew Y},
  booktitle={Proceedings of the 30th International Conference on Machine Learning},
  pages={3--8},
  year={2013}
}

@inproceedings{Salakhutdinov2009DeepBM,
  title={Deep Boltzmann Machines},
  author={Ruslan Salakhutdinov and Geoffrey E. Hinton},
  booktitle={Proceedings of the 12th International Conference
  on Artificial Intelligence and Statistics},
  year={2009}
}

@article{Salakhutdinov2012AnEL,
  title={An Efficient Learning Procedure for Deep Boltzmann Machines},
  author={Ruslan Salakhutdinov and Geoffrey E. Hinton},
  journal={Neural computation},
  year={2012},
  volume={24},
  number={8},
  pages={1967--2006}
}

@conference{Huang2017DenselyCC,
  title={Densely Connected Convolutional Networks},
  author={Gao Huang and Zhuang Liu and Laurens van der Maaten and Kilian Q. Weinberger},
  booktitle={2017 IEEE Conference on Computer Vision and Pattern Recognition (CVPR)},
  year={2017},
  pages={2261--2269}
}

@conference{Gatys2016ImageST,
  title={Image Style Transfer Using Convolutional Neural Networks},
  author={Leon A. Gatys and Alexander S. Ecker and Matthias Bethge},
  journal={2016 IEEE Conference on Computer Vision and Pattern Recognition (CVPR)},
  year={2016},
  pages={2414--2423}
}

@inproceedings{Johnson2016PerceptualLF,
  title={Perceptual Losses for Real-Time Style Transfer and Super-Resolution},
  author={Justin Johnson and Alexandre Alahi and Li Fei-Fei},
  booktitle={Computer Vision -- ECCV 2016},
  pages={694--711},
  year={2016}
}

@incollection{Goodfellow2014GenerativeAN,
title = {Generative Adversarial Nets},
author = {Ian Goodfellow and Jean Pouget-Abadie and Mehdi Mirza and Bing  Xu and David Warde-Farley and Sherjil Ozair and Aaron Courville and Yoshua Bengio},
booktitle = {Advances in Neural Information Processing Systems 27},
pages = {2672--2680},
year = {2014},
}

@article{Silver2016MasteringTG,
  title={Mastering the game of Go with deep neural networks and tree search},
  author={David Silver and Aja Huang and Chris J. Maddison and Arthur Guez and Laurent Sifre and George van den Driessche and Julian Schrittwieser and Ioannis Antonoglou and Vedavyas Panneershelvam and Marc Lanctot and Sander Dieleman and Dominik Grewe and John Nham and Nal Kalchbrenner and Ilya Sutskever and Timothy P. Lillicrap and Madeleine Leach and Koray Kavukcuoglu and Thore Graepel and Demis Hassabis},
  journal={Nature},
  year={2016},
  volume={529},
  pages={484--489}
}

@article{Mnih2015HumanlevelCT,
  title={Human-level control through deep reinforcement learning},
  author={Volodymyr Mnih and Koray Kavukcuoglu and David Silver and Andrei A. Rusu and Joel Veness and Marc G. Bellemare and Alex Graves and Martin A. Riedmiller and Andreas Fidjeland and Georg Ostrovski and Stig Petersen and Charles Beattie and Amir Sadik and Ioannis Antonoglou and Helen King and Dharshan Kumaran and Daan Wierstra and Shane Legg and Demis Hassabis},
  journal={Nature},
  year={2015},
  volume={518},
  pages={529--533}
}

@article{Mirza2014ConditionalGA,
  title={Conditional Generative Adversarial Nets},
  author={Mehdi Mirza and Simon Osindero},
  journal={CoRR},
  year={2014},
  volume={abs/1411.1784}
}

@conference{Seddati2017TowardsGP,
  title={Towards Good Practices for Image Retrieval Based on CNN Features},
  author={Omar Seddati and St{\'e}phane Dupont and Sa{\"i}d Mahmoudi and Mahnaz Parian},
  booktitle={2017 IEEE International Conference on Computer Vision Workshops (ICCVW)},
  year={2017},
  pages={1246--1255}
}

@conference{Ng2015ExploitingLF,
  title={Exploiting local features from deep networks for image retrieval},
  author={Joe Yue-Hei Ng and Fan Yang and Larry S. Davis},
  booktitle={2015 IEEE Conference on Computer Vision and Pattern Recognition Workshops (CVPRW)},
  year={2015},
  pages={53--61}
}

@article{Zhou2017CollaborativeIE,
  title={Collaborative Index Embedding for Image Retrieval.},
  author={Wengang Zhou and Houqiang Li and Jian Sun},
  journal={IEEE transactions on pattern analysis and machine intelligence},
  year={2017},
  volume={PP},
  number={99},
  pages={1--1}
}

@conference{Noh2017LargeScaleIR,
  title={Large-Scale Image Retrieval with Attentive Deep Local Features},
  author={Hyeonwoo Noh and Andre Araujo and Jack Sim and Tobias Weyand and Bohyung Han},
  booktitle={2017 IEEE International Conference on Computer Vision (ICCV)},
  year={2017},
  pages={3476--3485}
}

@article{Everingham2014ThePV,
  title={The Pascal Visual Object Classes Challenge: A Retrospective},
  author={Mark Everingham and S. M. Ali Eslami and Luc Van Gool and Christopher K. I. Williams and John M. Winn and Andrew Zisserman},
  journal={International Journal of Computer Vision},
  year={2014},
  volume={111},
  number={1},
  pages={98--136}
}

@inproceedings{Lin2014MicrosoftCC,
  title={Microsoft COCO: Common Objects in Context},
  author={Tsung-Yi Lin and Michael Maire and Serge J. Belongie and James Hays and Pietro Perona and Deva Ramanan and Piotr Doll{\'a}r and C. Lawrence Zitnick},
  booktitle={Computer Vision -- ECCV 2014},
  pages={740--755},
  year={2014}
}

@TechReport{LFWTech,
  author =       {Gary B. Huang and Manu Ramesh and Tamara Berg and
                  Erik Learned-Miller},
  title =        {Labeled Faces in the Wild: A Database for Studying
                  Face Recognition in Unconstrained Environments},
  institution =  {University of Massachusetts, Amherst},
  year =         {2007},
  month =        {October}}

@conference{Wolf2011FaceRI,
  title={Face recognition in unconstrained videos with matched background similarity},
  author={Lior Wolf and Tal Hassner and Itay Maoz},
  booktitle={2011 IEEE Conference on Computer Vision and Pattern Recognition (CVPR)},
  year={2011},
  pages={529--534}
}


@inproceedings{kemelmacher2016megaface,
title={The megaface benchmark: 1 million faces for recognition at scale},
author={Kemelmacher-Shlizerman, Ira and Seitz, Steven M and Miller, Daniel and Brossard, Evan},
booktitle={Proceedings of the IEEE Conference on Computer Vision and Pattern Recognition},
pages={4873--4882},
year={2016}
}

@conference{Song2017DeepSA,
  title={Deep Spatial-Semantic Attention for Fine-Grained Sketch-Based Image Retrieval},
  author={Jifei Song and Qian Yu and Yi-Zhe Song and Tao Xiang and Timothy M. Hospedales},
  booktitle={2017 IEEE International Conference on Computer Vision (ICCV)},
  year={2017},
  pages={5552--5561}
}

@article{Farid2009ImageFD,
  title={Image forgery detection},
  author={Hadi Farid},
  journal={IEEE Signal Processing Magazine},
  year={2009},
  volume={26},
  pages={16--25}
}

@article{Gevers2000PicToSeekCC,
  title={PicToSeek: combining color and shape invariant features for image retrieval},
  author={Theo Gevers and Arnold W. M. Smeulders},
  journal={IEEE Transactions on Image Processing},
  year={2000},
  volume={9},
  number={1},
  pages={102--119}
}

@article{Pentland1996PhotobookCM,
  title={Photobook: Content-based manipulation of image databases},
  author={Alex Pentland and Rosalind W. Picard and Stan Sclaroff},
  journal={International Journal of Computer Vision},
  year={1996},
  volume={18},
  number={3},
  pages={233--254}
}

@inproceedings{Bach1996VirageIS,
  title={Virage Image Search Engine: An Open Framework for Image Management},
  author={Jeffrey R. Bach and Charles Fuller and Amarnath Gupta and Arun Hampapur and Bradley Horowitz and Rich Humphrey and Ramesh C. Jain and Chiao-Fe Shu},
  booktitle={Storage and Retrieval for Image and Video Databases},
  year={1996}
}

@conference{FeiFei2005ABH,
  title={A Bayesian hierarchical model for learning natural scene categories},
  author={Li Fei-Fei and Pietro Perona},
  booktitle={2005 IEEE Computer Society Conference on Computer Vision and Pattern Recognition (CVPR'05)},
  year={2005},
  pages={524--531}
}

@inproceedings{Vogel2004NaturalSR,
  title={Natural Scene Retrieval Based on a Semantic Modeling Step},
  author={Julia Vogel and Bernt Schiele},
  booktitle={International Conference on Image and Video Retrieval},
  year={2004},
  pages={207--215}
}

@article{lecun2015deep,
  title={Deep learning},
  author={LeCun, Yann and Bengio, Yoshua and Hinton, Geoffrey},
  journal={nature},
  volume={521},
  number={7553},
  pages={436--444},
  year={2015},
  publisher={Nature Publishing Group}
}
